<record xmlns="http://www.loc.gov/MARC21/slim" xmlns:xsi="http://www.w3.org/2001/XMLSchema-instance" xsi:schemaLocation="http://www.loc.gov/MARC21/slim http://www.loc.gov/standards/marcxml/schema/MARC21slim.xsd">

  <leader>01615nab a2200157   4500</leader>
  <controlfield tag="008">150603b1998    cr f|||| |||| 00| 0 spa d</controlfield>
  <datafield ind1=" " ind2=" " tag="090">
    <subfield code="a">REVIS 06.02.01</subfield>
  </datafield>
  <datafield ind1="1" tag="100" ind2=" ">
    <subfield code="9">132</subfield>
    <subfield code="a">Cervantes Gamboa, Flor de María</subfield>
  </datafield>
  <datafield tag="245" ind2="0" ind1="1">
    <subfield code="a">Propuesta de un mecanismo para establecer criterios de distribución del fondo especial de la educación superior universitaria estatal /</subfield>
    <subfield code="c">Flor de María Cervantes Gamboa</subfield>
  </datafield>
  <datafield ind1=" " ind2=" " tag="260">
    <subfield code="a">San José, Costa Rica :</subfield>
    <subfield code="b">Editorial Universidad de Costa Rica,</subfield>
    <subfield code="c">1999</subfield>
  </datafield>
  <datafield tag="300" ind2=" " ind1=" ">
    <subfield code="a">páginas 7-45</subfield>
  </datafield>
  <datafield ind1=" " tag="520" ind2=" ">
    <subfield code="a">El propósito de este artículo es analizar cómo el Gobierno de Costa Rica ha otorgado el financiamiento a la Educación Superior Universitaria Estatal y cuáles criterios se han utilizado para distribuir los recursos financieros entre las instituciones de Educación Superior Universitaria Estatal.
Con el fin de comprender mejor la situación actual, este artículo ofrece una breve reseña histórica de la normativa del financiamiento de las universidades estatales costarricenses y se hace referencia también a las fuentes y mecanismos de financiamiento de las universidades públicas en varios países del mundo.
Se propone un proceso para establecer criterios de distribución del Fondo Especial de la Educación Superior, conducido por la Comisión de Vicerrectores de Administración de las instituciones universitarias estatales, en el cual se utilice la técnica Delphi</subfield>
  </datafield>
  <datafield ind2="4" tag="650" ind1="1">
    <subfield code="9">1</subfield>
    <subfield code="a">EDUCACIÓN</subfield>
  </datafield>
  <datafield ind1="0" tag="773" ind2=" ">
    <subfield code="d">San José, Costa Rica : Editorial de la Universidad de Costa Rica, 1997-</subfield>
    <subfield code="o">R0022</subfield>
    <subfield code="t">EDUCACIÓN: Revista de la Universidad de Costa Rica</subfield>
    <subfield code="g">Vol.23, no.1 (1999)</subfield>
  </datafield>
  <datafield ind2=" " tag="942" ind1=" ">
    <subfield code="2">z</subfield>
    <subfield code="c">10</subfield>
  </datafield>
  <datafield ind2=" " tag="999" ind1=" ">
    <subfield code="c">2614</subfield>
    <subfield code="d">2614</subfield>
  </datafield>
</record>